
@misc{overleaf2024,
  title = {How do I use Overleaf?},
  author = {{Overleaf}},
  year = {2024},
  url = {https://www.overleaf.com/learn/how-to/How_do_I_use_Overleaf%3F},
  note = {Accessed: 2024-08-28}
}